<?xml version = "1.0" encoding = "UTF-8"?><OAI-PMH xmlns="http://www.openarchives.org/OAI/2.0/" xmlns:xsi="http://www.w3.org/2001/XMLSchema-instance" xsi:schemaLocation="http://www.openarchives.org/OAI/2.0/ http://www.openarchives.org/OAI/2.0/OAI-PMH.xsd"><ListRecords><record><header><identifier>aleph-publish:016482744</identifier></header><metadata><record xmlns="http://www.ddb.de/professionell/mabxml/mabxml-1.xsd"><leader>00664vM2.01200024------h</leader><controlfield tag="LDR">00664vM2.01200024------h</controlfield><controlfield tag="FMT">MH</controlfield><datafield tag="001" ind1="-" ind2="1"><subfield code="a">HT015440386</subfield></datafield><datafield tag="002" ind1="a" ind2="1"><subfield code="a">20080220</subfield></datafield><datafield tag="003" ind1="-" ind2="1"><subfield code="a">20210409002021.0</subfield></datafield><datafield tag="025" ind1="o" ind2="1"><subfield code="a">1073265299</subfield></datafield><datafield tag="026" ind1="-" ind2="1"><subfield code="a">HBZHT015440386</subfield></datafield><controlfield tag="030">a|1uc||||||17</controlfield><datafield tag="036" ind1="a" ind2="1"><subfield code="a">DE</subfield></datafield><datafield tag="037" ind1="b" ind2="1"><subfield code="a">ger</subfield></datafield><controlfield tag="050">a|||||||||||||</controlfield><controlfield tag="051">m|||||||</controlfield><datafield tag="064" ind1="a" ind2="1"><subfield code="a">Bildband</subfield><subfield code="9">(DE-588)4145395-5</subfield></datafield><datafield tag="070" ind1="-" ind2="1"><subfield code="a">385</subfield></datafield><datafield tag="070" ind1="b" ind2="1"><subfield code="a">385</subfield></datafield><datafield tag="078" ind1="n" ind2="1"><subfield code="a">NWBib-6</subfield></datafield><datafield tag="080" ind1="-" ind2="1"><subfield code="a">60</subfield></datafield><datafield tag="100" ind1="-" ind2="1"><subfield code="p">König, Ralf</subfield><subfield code="d">1960-</subfield><subfield code="9">(DE-588)119411970</subfield></datafield><datafield tag="101" ind1="-" ind2="1"><subfield code="p">Kēnigs, Ralfs</subfield><subfield code="d">1960-</subfield></datafield><datafield tag="101" ind1="-" ind2="1"><subfield code="p">King, Ralph</subfield><subfield code="d">1960-</subfield></datafield><datafield tag="101" ind1="-" ind2="1"><subfield code="p">Konig, Ralf</subfield><subfield code="d">1960-</subfield></datafield><datafield tag="331" ind1="a" ind2="1"><subfield code="a">Jago</subfield></datafield><datafield tag="335" ind1="-" ind2="1"><subfield code="a">Comic ; [nach Motiven aus den Dramen Othello, Macbeth, Romeo &amp; Julia und Ein Sommernachtstraum von William Shakespeare]</subfield></datafield><datafield tag="359" ind1="-" ind2="1"><subfield code="a">Ralf König</subfield></datafield><datafield tag="403" ind1="-" ind2="1"><subfield code="a">Orig.-Ausg., 31. - 40. Tsd.</subfield></datafield><datafield tag="410" ind1="-" ind2="1"><subfield code="a">Reinbek bei Hamburg</subfield></datafield><datafield tag="412" ind1="-" ind2="1"><subfield code="a">Rowohlt-Taschenbuch-Verl.</subfield></datafield><datafield tag="425" ind1="a" ind2="1"><subfield code="a">1998</subfield></datafield><datafield tag="433" ind1="-" ind2="1"><subfield code="a">181, VIII S.</subfield></datafield><datafield tag="451" ind1="-" ind2="1"><subfield code="a">rororo ; 22392</subfield></datafield><datafield tag="453" ind1="-" ind2="1"><subfield code="a">HT002091108</subfield></datafield><datafield tag="455" ind1="-" ind2="1"><subfield code="a">22392</subfield></datafield><datafield tag="456" ind1="-" ind2="1"><subfield code="a">22392</subfield></datafield><datafield tag="537" ind1="-" ind2="1"><subfield code="a">DNB/A28/1998</subfield></datafield><datafield tag="540" ind1="a" ind2="1"><subfield code="a">3-499-22392-9</subfield></datafield><datafield tag="700" ind1="n" ind2="1"><subfield code="a">Nordrhein-Westfalen</subfield><subfield code="0">https://nwbib.de/spatial#N01</subfield></datafield><datafield tag="700" ind1="n" ind2="1"><subfield code="a">Künstler</subfield><subfield code="0">https://nwbib.de/subjects#N841070</subfield></datafield><datafield tag="902" ind1="-" ind2="1"><subfield code="p">König, Ralf</subfield><subfield code="d">1960-</subfield><subfield code="9">(DE-588)119411970</subfield></datafield><datafield tag="902" ind1="-" ind2="1"><subfield code="s">Comic</subfield><subfield code="9">(DE-588)4010427-8</subfield></datafield><controlfield tag="SYS">016482744</controlfield><datafield tag="952" ind1="-" ind2="1"><subfield code="p">Kēnigs, Ralfs</subfield><subfield code="d">1960-</subfield></datafield><datafield tag="952" ind1="-" ind2="1"><subfield code="p">King, Ralph</subfield><subfield code="d">1960-</subfield></datafield><datafield tag="952" ind1="-" ind2="1"><subfield code="p">Konig, Ralf</subfield><subfield code="d">1960-</subfield></datafield><datafield tag="952" ind1="-" ind2="1"><subfield code="s">Comic Strips</subfield></datafield><datafield tag="952" ind1="-" ind2="1"><subfield code="s">Comics</subfield></datafield><datafield tag="952" ind1="-" ind2="1"><subfield code="s">Comic Strip</subfield></datafield><datafield tag="952" ind1="-" ind2="1"><subfield code="s">Comicstrip</subfield></datafield><datafield tag="952" ind1="-" ind2="1"><subfield code="s">Bande Dessinée</subfield></datafield><datafield tag="088" ind1=" " ind2=" "><subfield code="a">82/006</subfield><subfield code="c">006:Sr-cmx-koen-16</subfield><subfield code="e">keine Angabe</subfield></datafield><datafield tag="088" ind1=" " ind2=" "><subfield code="a">385/AN</subfield><subfield code="b">912</subfield><subfield code="c">C/ld487</subfield><subfield code="e">Ext. Bestände</subfield></datafield></record></metadata></record></ListRecords></OAI-PMH>